<?xml version="1.0" encoding="UTF-8"?><record xmlns="http://www.loc.gov/MARC21/slim" xmlns:cinclude="http://apache.org/cocoon/include/1.0" xmlns:zs="http://www.loc.gov/zing/srw/">
  <leader>00463nz  a2200157n  4500</leader>
  <controlfield tag="001">no 99023990 </controlfield>
  <controlfield tag="003">DLC</controlfield>
  <controlfield tag="005">19990408051225.3</controlfield>
  <controlfield tag="008">990407n| acannaab|          |a aaa     c</controlfield>
  <datafield tag="010" ind1=" " ind2=" ">
    <subfield code="a">no 99023990 </subfield>
  </datafield>
  <datafield tag="035" ind1=" " ind2=" ">
    <subfield code="a">(OCoLC)oca04959646 </subfield>
  </datafield>
  <datafield tag="040" ind1=" " ind2=" ">
    <subfield code="a">PPi-MA</subfield>
    <subfield code="c">PPi-MA</subfield>
  </datafield>
  <datafield tag="100" ind1="1" ind2="0">
    <subfield code="a">Goho, Jyoti</subfield>
  </datafield>
  <datafield tag="400" ind1="0" ind2="0">
    <subfield code="a">Jyoti Goho</subfield>
  </datafield>
  <datafield tag="670" ind1=" " ind2=" ">
    <subfield code="a">Kichlu, V.K. Vijay Kichlu, vocal [SR] p1994:</subfield>
    <subfield code="b">container (Jyoti Goho, harmonium)</subfield>
  </datafield>
  <datafield tag="670" ind1=" " ind2=" ">
    <subfield code="a">LC database, Apr. 1, 1999</subfield>
    <subfield code="b">(MLC hdg.: Goho, Jyoti)</subfield>
  </datafield>
</record>